@article{FagesPhD,
  author    = {Jean{-}Guillaume Fages},
  title     = {On the use of graphs within constraint-programming},
  journal   = {Constraints},
  volume    = {20},
  number    = {4},
  pages     = {498--499},
  year      = {2015},
}

@phdthesis{FagesPhDFr,
  author    = {Jean{-}Guillaume Fages},
  title     = {Exploitation de structures de graphe en programmation par contraintes.
               (On the use of graphs within constraint-programming)},
  school    = {{\'{E}}cole des mines de Nantes, France},
  year      = {2014},
  url       = {https://tel.archives-ouvertes.fr/tel-01085253},
}

@incollection{FagesCP11,
year={2011},
booktitle={Principles and Practice of Constraint Programming -- CP 2011},
volume={6876},
series={LNCS},
title={Revisiting the tree Constraint},
publisher={Springer Berlin Heidelberg},
author={Fages, Jean-Guillaume and Lorca, Xavier},
pages={271-285}
}

@manual{choco,
  author        = {Charles Prud'homme and Jean-Guillaume Fages and Xavier Lorca},
  title         = {Choco Documentation},
  year          = {2017},
  organization  = {TASC - LS2N CNRS UMR 6241, COSLING S.A.S.},
  timestamp     = {Thu, 23 November 2017},
  url           = {http://www.choco-solver.org },
}

@article{Tarjan72,
author = {Tarjan, Robert E.},
title = {Depth-First Search and Linear Graph Algorithms},
journal = {SIAM Journal on Computing},
volume = {1},
number = {2},
pages = {146-160},
year = {1972},
}

@book{CPhandbook,
  editor    = {Francesca Rossi and
               Peter van Beek and
               Toby Walsh},
  title     = {Handbook of Constraint Programming},
  series    = {Foundations of Artificial Intelligence},
  volume    = {2},
  publisher = {Elsevier},
  year      = {2006},
  isbn      = {978-0-444-52726-4},
}

@incollection{Beldiceanu00,
year={2000},
booktitle={Principles and Practice of Constraint Programming -- CP 2000},
volume={1894},
series={LNCS},
doi={10.1007/3-540-45349-0_6},
title={Global Constraints as Graph Properties on a Structured Network of Elementary Constraints of the Same Type},
publisher={Springer Berlin Heidelberg},
author={Beldiceanu, Nicolas},
pages={52-66},
}

@MISC{ReginSlides04,
  author    = {R{\'e}gin, Jean-Charles},
  title	     = {Modeling Problems in Constraint Programming},
  booktitle={Principles and Practice of Constraint Programming -- CP 2004},
  note     = {Tutorial},
  year      = {2004},
}

@PhDThesis{QuesadaPhD,
title = {Solving Constrained Graph Problems using Reachability Constraints based on Transitive Closure and Dominators},
author = {Luis Quesada},
school = {Facult{\'e} des Sciences Appliqu{\'e}es, Universit{\'e} Catholique de Louvain},
year = {2006}
}

@PhDThesis{DoomsPhD,
title = {The CP(Graph) Computation Domain in Constraint Programming},
author = {Gr{\'e}goire Dooms},
school = {Facult{\'e} des Sciences Appliqu{\'e}es, Universit{\'e} Catholique de Louvain},
year = {2006}
}

@book{LorcaBook11,
 author = {Lorca, Xavier},
 title = {Tree-based Graph Partitioning Constraint},
 year = {2011},
 isbn = {9781848213036},
 publisher = {ISTE/Wiley},
} 

@article{Benchimol12,
year={2012},
issn={1383-7133},
journal={Constraints},
volume={17},
number={3},
title={Improved filtering for weighted circuit constraints},
publisher={Springer US},
keywords={Global constraint; Circuit; Optimization constraint; Relaxation; Constraint propagation},
author={Benchimol, Pascal and Van Hoeve, Willem-Jan and R{\'e}gin, Jean-Charles and Rousseau, Louis-Martin and Rueher, Michel},
pages={205-233},
language={English}
}

@article{GraphSearch,
  author    = {Jean{-}Guillaume Fages and
               Xavier Lorca and
               Louis{-}Martin Rousseau},
  title     = {The salesman and the tree: the importance of search in {CP}},
  journal   = {Constraints},
  volume    = {21},
  number    = {2},
  pages     = {145--162},
  year      = {2016},
}